%YAML 1.1
%TAG !u! tag:unity3d.com,2011:
--- !u!1 &401931696
GameObject:
  m_ObjectHideFlags: 0
  m_CorrespondingSourceObject: {fileID: 0}
  m_PrefabInstance: {fileID: 0}
  m_PrefabAsset: {fileID: 0}
  serializedVersion: 6
  m_Component:
  - component: {fileID: 401931697}
  - component: {fileID: 401931698}
  m_Layer: 0
  m_Name: Wall_front
  m_TagString: Untagged
  m_Icon: {fileID: 0}
  m_NavMeshLayer: 0
  m_StaticEditorFlags: 0
  m_IsActive: 1
--- !u!4 &401931697
Transform:
  m_ObjectHideFlags: 0
  m_CorrespondingSourceObject: {fileID: 0}
  m_PrefabInstance: {fileID: 0}
  m_PrefabAsset: {fileID: 0}
  m_GameObject: {fileID: 401931696}
  m_LocalRotation: {x: 0, y: 0, z: 0, w: 1}
  m_LocalPosition: {x: 0, y: 5.1, z: -0.486}
  m_LocalScale: {x: 1, y: 19.396523, z: 0.02543102}
  m_Children: []
  m_Father: {fileID: 1108153940}
  m_RootOrder: 1
  m_LocalEulerAnglesHint: {x: 0, y: 0, z: 0}
--- !u!65 &401931698
BoxCollider:
  m_ObjectHideFlags: 0
  m_CorrespondingSourceObject: {fileID: 0}
  m_PrefabInstance: {fileID: 0}
  m_PrefabAsset: {fileID: 0}
  m_GameObject: {fileID: 401931696}
  m_Material: {fileID: 0}
  m_IsTrigger: 0
  m_Enabled: 1
  serializedVersion: 2
  m_Size: {x: 1, y: 1, z: 1}
  m_Center: {x: 0, y: 0, z: 0}
--- !u!1 &662325446
GameObject:
  m_ObjectHideFlags: 0
  m_CorrespondingSourceObject: {fileID: 0}
  m_PrefabInstance: {fileID: 0}
  m_PrefabAsset: {fileID: 0}
  serializedVersion: 6
  m_Component:
  - component: {fileID: 662325447}
  - component: {fileID: 662325448}
  m_Layer: 0
  m_Name: Wall_back
  m_TagString: Untagged
  m_Icon: {fileID: 0}
  m_NavMeshLayer: 0
  m_StaticEditorFlags: 0
  m_IsActive: 1
--- !u!4 &662325447
Transform:
  m_ObjectHideFlags: 0
  m_CorrespondingSourceObject: {fileID: 0}
  m_PrefabInstance: {fileID: 0}
  m_PrefabAsset: {fileID: 0}
  m_GameObject: {fileID: 662325446}
  m_LocalRotation: {x: 0, y: 0, z: 0, w: 1}
  m_LocalPosition: {x: 0, y: 5.1, z: 0.482}
  m_LocalScale: {x: 1, y: 19.396523, z: 0.02543102}
  m_Children: []
  m_Father: {fileID: 1108153940}
  m_RootOrder: 0
  m_LocalEulerAnglesHint: {x: 0, y: 0, z: 0}
--- !u!65 &662325448
BoxCollider:
  m_ObjectHideFlags: 0
  m_CorrespondingSourceObject: {fileID: 0}
  m_PrefabInstance: {fileID: 0}
  m_PrefabAsset: {fileID: 0}
  m_GameObject: {fileID: 662325446}
  m_Material: {fileID: 0}
  m_IsTrigger: 0
  m_Enabled: 1
  serializedVersion: 2
  m_Size: {x: 1, y: 1, z: 1}
  m_Center: {x: 0, y: 0, z: 0}
--- !u!1 &906618663
GameObject:
  m_ObjectHideFlags: 0
  m_CorrespondingSourceObject: {fileID: 0}
  m_PrefabInstance: {fileID: 0}
  m_PrefabAsset: {fileID: 0}
  serializedVersion: 6
  m_Component:
  - component: {fileID: 906618664}
  - component: {fileID: 906618666}
  - component: {fileID: 906618665}
  m_Layer: 0
  m_Name: Cube
  m_TagString: Finish
  m_Icon: {fileID: 0}
  m_NavMeshLayer: 0
  m_StaticEditorFlags: 0
  m_IsActive: 1
--- !u!4 &906618664
Transform:
  m_ObjectHideFlags: 0
  m_CorrespondingSourceObject: {fileID: 0}
  m_PrefabInstance: {fileID: 0}
  m_PrefabAsset: {fileID: 0}
  m_GameObject: {fileID: 906618663}
  m_LocalRotation: {x: 0, y: 0, z: 0, w: 1}
  m_LocalPosition: {x: 0, y: 0.0000000074506, z: 4e-15}
  m_LocalScale: {x: 0.052888, y: 0.29769, z: 1}
  m_Children: []
  m_Father: {fileID: 2963193241048048106}
  m_RootOrder: 0
  m_LocalEulerAnglesHint: {x: 0, y: 0, z: 0}
--- !u!65 &906618666
BoxCollider:
  m_ObjectHideFlags: 0
  m_CorrespondingSourceObject: {fileID: 0}
  m_PrefabInstance: {fileID: 0}
  m_PrefabAsset: {fileID: 0}
  m_GameObject: {fileID: 906618663}
  m_Material: {fileID: 0}
  m_IsTrigger: 1
  m_Enabled: 1
  serializedVersion: 2
  m_Size: {x: 1, y: 1, z: 1}
  m_Center: {x: 0, y: 0, z: 0}
--- !u!114 &906618665
MonoBehaviour:
  m_ObjectHideFlags: 0
  m_CorrespondingSourceObject: {fileID: 0}
  m_PrefabInstance: {fileID: 0}
  m_PrefabAsset: {fileID: 0}
  m_GameObject: {fileID: 906618663}
  m_Enabled: 1
  m_EditorHideFlags: 0
  m_Script: {fileID: 11500000, guid: 4b15016f1ef2f48a7a8f9d516d60e99b, type: 3}
  m_Name: 
  m_EditorClassIdentifier: 
--- !u!1 &1108153939
GameObject:
  m_ObjectHideFlags: 0
  m_CorrespondingSourceObject: {fileID: 0}
  m_PrefabInstance: {fileID: 0}
  m_PrefabAsset: {fileID: 0}
  serializedVersion: 6
  m_Component:
  - component: {fileID: 1108153940}
  - component: {fileID: 1108153941}
  m_Layer: 0
  m_Name: Floor
  m_TagString: Untagged
  m_Icon: {fileID: 0}
  m_NavMeshLayer: 0
  m_StaticEditorFlags: 0
  m_IsActive: 1
--- !u!4 &1108153940
Transform:
  m_ObjectHideFlags: 0
  m_CorrespondingSourceObject: {fileID: 0}
  m_PrefabInstance: {fileID: 0}
  m_PrefabAsset: {fileID: 0}
  m_GameObject: {fileID: 1108153939}
  m_LocalRotation: {x: 0, y: 0, z: 0, w: 1}
  m_LocalPosition: {x: 0, y: -0.015, z: -0.367}
  m_LocalScale: {x: 1, y: 0.02382, z: 2.3874}
  m_Children:
  - {fileID: 662325447}
  - {fileID: 401931697}
  m_Father: {fileID: 5922060965143801876}
  m_RootOrder: 6
  m_LocalEulerAnglesHint: {x: 0, y: 0, z: 0}
--- !u!65 &1108153941
BoxCollider:
  m_ObjectHideFlags: 0
  m_CorrespondingSourceObject: {fileID: 0}
  m_PrefabInstance: {fileID: 0}
  m_PrefabAsset: {fileID: 0}
  m_GameObject: {fileID: 1108153939}
  m_Material: {fileID: 0}
  m_IsTrigger: 0
  m_Enabled: 1
  serializedVersion: 2
  m_Size: {x: 1, y: 1, z: 1}
  m_Center: {x: 0, y: 0, z: 0}
--- !u!65 &1065928027
BoxCollider:
  m_ObjectHideFlags: 0
  m_CorrespondingSourceObject: {fileID: 0}
  m_PrefabInstance: {fileID: 0}
  m_PrefabAsset: {fileID: 0}
  m_GameObject: {fileID: 2136115137126408765}
  m_Material: {fileID: 0}
  m_IsTrigger: 0
  m_Enabled: 1
  serializedVersion: 2
  m_Size: {x: 0.016060783, y: 0.0022164134, z: 0.022698045}
  m_Center: {x: -0.000000006705523, y: -0.00046963085, z: -0.00048715773}
--- !u!135 &1065928026
SphereCollider:
  m_ObjectHideFlags: 0
  m_CorrespondingSourceObject: {fileID: 0}
  m_PrefabInstance: {fileID: 0}
  m_PrefabAsset: {fileID: 0}
  m_GameObject: {fileID: 7153097818798713382}
  m_Material: {fileID: 0}
  m_IsTrigger: 0
  m_Enabled: 1
  serializedVersion: 2
  m_Radius: 0.005321997
  m_Center: {x: -6.9849193e-10, y: 0, z: 0}
--- !u!1001 &1681487379074112270
PrefabInstance:
  m_ObjectHideFlags: 0
  serializedVersion: 2
  m_Modification:
    m_TransformParent: {fileID: 0}
    m_Modifications:
    - target: {fileID: -927199367670048503, guid: 2f839d16559864243a3149c97606cccd,
        type: 3}
      propertyPath: m_Name
      value: level_00
      objectReference: {fileID: 0}
    - target: {fileID: -4216859302048453862, guid: 2f839d16559864243a3149c97606cccd,
        type: 3}
      propertyPath: m_LocalPosition.x
      value: 0
      objectReference: {fileID: 0}
    - target: {fileID: -4216859302048453862, guid: 2f839d16559864243a3149c97606cccd,
        type: 3}
      propertyPath: m_LocalPosition.y
      value: 0
      objectReference: {fileID: 0}
    - target: {fileID: -4216859302048453862, guid: 2f839d16559864243a3149c97606cccd,
        type: 3}
      propertyPath: m_LocalPosition.z
      value: 0
      objectReference: {fileID: 0}
    - target: {fileID: -4216859302048453862, guid: 2f839d16559864243a3149c97606cccd,
        type: 3}
      propertyPath: m_LocalRotation.x
      value: 0
      objectReference: {fileID: 0}
    - target: {fileID: -4216859302048453862, guid: 2f839d16559864243a3149c97606cccd,
        type: 3}
      propertyPath: m_LocalRotation.y
      value: 0
      objectReference: {fileID: 0}
    - target: {fileID: -4216859302048453862, guid: 2f839d16559864243a3149c97606cccd,
        type: 3}
      propertyPath: m_LocalRotation.z
      value: 0
      objectReference: {fileID: 0}
    - target: {fileID: -4216859302048453862, guid: 2f839d16559864243a3149c97606cccd,
        type: 3}
      propertyPath: m_LocalRotation.w
      value: 1
      objectReference: {fileID: 0}
    - target: {fileID: -4216859302048453862, guid: 2f839d16559864243a3149c97606cccd,
        type: 3}
      propertyPath: m_RootOrder
      value: 0
      objectReference: {fileID: 0}
    - target: {fileID: -4216859302048453862, guid: 2f839d16559864243a3149c97606cccd,
        type: 3}
      propertyPath: m_LocalEulerAnglesHint.x
      value: 0
      objectReference: {fileID: 0}
    - target: {fileID: -4216859302048453862, guid: 2f839d16559864243a3149c97606cccd,
        type: 3}
      propertyPath: m_LocalEulerAnglesHint.y
      value: 0
      objectReference: {fileID: 0}
    - target: {fileID: -4216859302048453862, guid: 2f839d16559864243a3149c97606cccd,
        type: 3}
      propertyPath: m_LocalEulerAnglesHint.z
      value: 0
      objectReference: {fileID: 0}
    m_RemovedComponents: []
  m_SourcePrefab: {fileID: 100100000, guid: 2f839d16559864243a3149c97606cccd, type: 3}
--- !u!4 &5922060965143801876 stripped
Transform:
  m_CorrespondingSourceObject: {fileID: -4216859302048453862, guid: 2f839d16559864243a3149c97606cccd,
    type: 3}
  m_PrefabInstance: {fileID: 1681487379074112270}
  m_PrefabAsset: {fileID: 0}
--- !u!4 &2963193241048048106 stripped
Transform:
  m_CorrespondingSourceObject: {fileID: -4734770498338931996, guid: 2f839d16559864243a3149c97606cccd,
    type: 3}
  m_PrefabInstance: {fileID: 1681487379074112270}
  m_PrefabAsset: {fileID: 0}
--- !u!1 &2136115137126408765 stripped
GameObject:
  m_CorrespondingSourceObject: {fileID: -8435006005300758221, guid: 2f839d16559864243a3149c97606cccd,
    type: 3}
  m_PrefabInstance: {fileID: 1681487379074112270}
  m_PrefabAsset: {fileID: 0}
--- !u!1 &7153097818798713382 stripped
GameObject:
  m_CorrespondingSourceObject: {fileID: 8363535585114960168, guid: 2f839d16559864243a3149c97606cccd,
    type: 3}
  m_PrefabInstance: {fileID: 1681487379074112270}
  m_PrefabAsset: {fileID: 0}
--- !u!1001 &4263841509342865970
PrefabInstance:
  m_ObjectHideFlags: 0
  serializedVersion: 2
  m_Modification:
    m_TransformParent: {fileID: 5922060965143801876}
    m_Modifications:
    - target: {fileID: 6513230748933691821, guid: 9d7ff37e334444eb8a7b07e01e73515f,
        type: 3}
      propertyPath: m_Name
      value: '[GO] Alarm'
      objectReference: {fileID: 0}
    - target: {fileID: 7798260945826802622, guid: 9d7ff37e334444eb8a7b07e01e73515f,
        type: 3}
      propertyPath: m_LocalPosition.x
      value: 0.335
      objectReference: {fileID: 0}
    - target: {fileID: 7798260945826802622, guid: 9d7ff37e334444eb8a7b07e01e73515f,
        type: 3}
      propertyPath: m_LocalPosition.y
      value: 0.06
      objectReference: {fileID: 0}
    - target: {fileID: 7798260945826802622, guid: 9d7ff37e334444eb8a7b07e01e73515f,
        type: 3}
      propertyPath: m_LocalPosition.z
      value: -0.363
      objectReference: {fileID: 0}
    - target: {fileID: 7798260945826802622, guid: 9d7ff37e334444eb8a7b07e01e73515f,
        type: 3}
      propertyPath: m_LocalRotation.x
      value: -0
      objectReference: {fileID: 0}
    - target: {fileID: 7798260945826802622, guid: 9d7ff37e334444eb8a7b07e01e73515f,
        type: 3}
      propertyPath: m_LocalRotation.y
      value: -0.258819
      objectReference: {fileID: 0}
    - target: {fileID: 7798260945826802622, guid: 9d7ff37e334444eb8a7b07e01e73515f,
        type: 3}
      propertyPath: m_LocalRotation.z
      value: -0
      objectReference: {fileID: 0}
    - target: {fileID: 7798260945826802622, guid: 9d7ff37e334444eb8a7b07e01e73515f,
        type: 3}
      propertyPath: m_LocalRotation.w
      value: 0.9659259
      objectReference: {fileID: 0}
    - target: {fileID: 7798260945826802622, guid: 9d7ff37e334444eb8a7b07e01e73515f,
        type: 3}
      propertyPath: m_RootOrder
      value: 7
      objectReference: {fileID: 0}
    - target: {fileID: 7798260945826802622, guid: 9d7ff37e334444eb8a7b07e01e73515f,
        type: 3}
      propertyPath: m_LocalEulerAnglesHint.x
      value: 0
      objectReference: {fileID: 0}
    - target: {fileID: 7798260945826802622, guid: 9d7ff37e334444eb8a7b07e01e73515f,
        type: 3}
      propertyPath: m_LocalEulerAnglesHint.y
      value: -30
      objectReference: {fileID: 0}
    - target: {fileID: 7798260945826802622, guid: 9d7ff37e334444eb8a7b07e01e73515f,
        type: 3}
      propertyPath: m_LocalEulerAnglesHint.z
      value: 0
      objectReference: {fileID: 0}
    m_RemovedComponents: []
  m_SourcePrefab: {fileID: 100100000, guid: 9d7ff37e334444eb8a7b07e01e73515f, type: 3}
